@book{GeetaPC,
   author = {Geeta S. Iyengar},
   title = {Preliminary Course (For Beginners) (Yoga In Action)},
   publisher = {YOG},
   year = {2000}
   }
   